<?xml version="1.0" encoding="UTF-8"?><record xmlns="http://www.loc.gov/MARC21/slim" xmlns:cinclude="http://apache.org/cocoon/include/1.0" xmlns:zs="http://www.loc.gov/zing/srw/">
  <leader>01032cz  a2200181n  4500</leader>
  <controlfield tag="001">n  83215688 </controlfield>
  <controlfield tag="003">DLC</controlfield>
  <controlfield tag="005">20110908074745.0</controlfield>
  <controlfield tag="008">830630n| acannaab           |a aaa      </controlfield>
  <datafield tag="010" ind1=" " ind2=" ">
    <subfield code="a">n  83215688 </subfield>
    <subfield code="z">n 2008006122</subfield>
  </datafield>
  <datafield tag="040" ind1=" " ind2=" ">
    <subfield code="a">DLC</subfield>
    <subfield code="c">DLC</subfield>
    <subfield code="d">DLC</subfield>
  </datafield>
  <datafield tag="100" ind1="0" ind2=" ">
    <subfield code="a">Thancoupie,</subfield>
    <subfield code="d">1937-2011</subfield>
  </datafield>
  <datafield tag="400" ind1="1" ind2=" ">
    <subfield code="a">Fletcher, Gloria,</subfield>
    <subfield code="d">1937-2011</subfield>
  </datafield>
  <datafield tag="400" ind1="0" ind2=" ">
    <subfield code="a">Thanakupi,</subfield>
    <subfield code="d">1937-2011</subfield>
  </datafield>
  <datafield tag="400" ind1="1" ind2=" ">
    <subfield code="a">Thancoupie, Gloria Fletcher,</subfield>
    <subfield code="d">1937-2011</subfield>
  </datafield>
  <datafield tag="670" ind1=" " ind2=" ">
    <subfield code="a">Isaacs, J. Thancoupie the potter, 1982 (a.e.)</subfield>
    <subfield code="b">t.p. (Thancoupie) p. 18 (given two names at birth: Gloria Fletcher, Thancoupie; resumed use of latter upon attaining artistic success; b. 1937) jkt. (Australia's 1st Aboriginal woman potter)</subfield>
  </datafield>
  <datafield tag="670" ind1=" " ind2=" ">
    <subfield code="a">Thancoupie, Gloria Fletcher. Thanakupi's guide to language and culture, 2007:</subfield>
    <subfield code="b">t.p. (Gloria Fletcher Thancoupie) t.p. verso (b. 1937)</subfield>
  </datafield>
  <datafield tag="670" ind1=" " ind2=" ">
    <subfield code="a">Sydney morning herald WWW site, Sept. 7, 2011</subfield>
    <subfield code="b">(Thancoupie (also spelt Thanakupi); b. Gloria Fletcher, 1937, at at Napranum, near Weipa Presbyterian Mission on western Cape York Peninsula in Queensland; d. 2011)</subfield>
  </datafield>
</record>